@inproceedings{sqt,
 author = {Eppstein, David and Goodrich, Michael T. and Sun, Jonathan Z.},
 title = {The Skip Quadtree: A Simple Dynamic Data Structure for Multidimensional Data},
 booktitle = {Proceedings of the Twenty-first Annual Symposium on Computational Geometry},
 series = {SCG '05},
 year = {2005},
 isbn = {1-58113-991-8},
 location = {Pisa, Italy},
 pages = {296--305},
 numpages = {10},
 url = {http://doi.acm.org/10.1145/1064092.1064138},
 doi = {10.1145/1064092.1064138},
 acmid = {1064138},
 publisher = {ACM},
 address = {New York, NY, USA},
 keywords = {approximation algorithm, dynamic data structure, nearest neighbor, octree, point location, quadtree, range, skip quadtree},
} 
@inproceedings{cqt,
 author = {Clarkson, Kenneth L.},
 title = {Nearest Neighbor Queries in Metric Spaces},
 booktitle = {Proceedings of the Twenty-ninth Annual ACM Symposium on Theory of Computing},
 series = {STOC '97},
 year = {1997},
 isbn = {0-89791-888-6},
 location = {El Paso, Texas, USA},
 pages = {609--617},
 numpages = {9},
 url = {http://doi.acm.org/10.1145/258533.258655},
 doi = {10.1145/258533.258655},
 acmid = {258655},
 publisher = {ACM},
 address = {New York, NY, USA},
}
@article{qt,
title = "Multidimensional tries used for associative searching",
journal = "Information Processing Letters",
volume = "14",
number = "4",
pages = "150 - 157",
year = "1982",
issn = "0020-0190",
doi = "http://dx.doi.org/10.1016/0020-0190(82)90027-8",
url = "http://www.sciencedirect.com/science/article/pii/0020019082900278",
author = "Jack A. Orenstein",
keywords = "Associative searching",
keywords = "kd trie",
keywords = "partial matching query",
keywords = "range query",
keywords = "relation",
keywords = "tree"
}
@article{sl,
 author = {Pugh, William},
 title = {Skip Lists: A Probabilistic Alternative to Balanced Trees},
 journal = {Commun. ACM},
 issue_date = {June 1990},
 volume = {33},
 number = {6},
 month = jun,
 year = {1990},
 issn = {0001-0782},
 pages = {668--676},
 numpages = {9},
 url = {http://doi.acm.org/10.1145/78973.78977},
 doi = {10.1145/78973.78977},
 acmid = {78977},
 publisher = {ACM},
 address = {New York, NY, USA},
 keywords = {data structures, searching, trees},
}
@inproceedings{dsl,
 author = {Munro, J. Ian and Papadakis, Thomas and Sedgewick, Robert},
 title = {Deterministic Skip Lists},
 booktitle = {Proceedings of the Third Annual ACM-SIAM Symposium on Discrete Algorithms},
 series = {SODA '92},
 year = {1992},
 isbn = {0-89791-466-X},
 location = {Orlando, Florida, USA},
 pages = {367--375},
 numpages = {9},
 url = {http://dl.acm.org/citation.cfm?id=139404.139478},
 acmid = {139478},
 publisher = {Society for Industrial and Applied Mathematics},
 address = {Philadelphia, PA, USA},
}